<?xml version="1.0" encoding="UTF-8"?><collection xmlns="http://www.loc.gov/MARC21/slim"><record><leader>00370nam--2200157-i-4500</leader><controlfield tag="001">000029850</controlfield><controlfield tag="002">20161230</controlfield><controlfield tag="005">20170129230724</controlfield><controlfield tag="008">060222s1000------------r-----000-0-eng-d</controlfield><datafield ind1=" " ind2=" " tag="100"><subfield code="a">Lowan, Arnold N</subfield></datafield><datafield ind1=" " ind2=" " tag="245"><subfield code="a">Table of ji0(x) = and related functions</subfield></datafield><datafield ind1=" " ind2=" " tag="260"><subfield code="a">/F.L.</subfield><subfield code="c">/F.A.</subfield></datafield><datafield ind1=" " ind2=" " tag="300"><subfield code="a">7 p</subfield></datafield><datafield ind1=" " ind2=" " tag="700"><subfield code="a">Blanch, G</subfield></datafield><datafield ind1=" " ind2=" " tag="852"><subfield code="a">831</subfield></datafield><datafield ind1=" " ind2=" " tag="CAT"><subfield code="a">SYS</subfield><subfield code="c">20170129</subfield><subfield code="h">230724</subfield></datafield></record></collection>